<?xml version="1.0" encoding="UTF-8"?>
<record xmlns="http://www.loc.gov/MARC21/slim" xmlns:xsi="http://www.w3.org/2001/XMLSchema-instance" xsi:schemaLocation="http://www.loc.gov/MARC21/slim http://www.loc.gov/standards/marcxml/schema/MARC21slim.xsd">
<leader>00000cam a22      i 4500</leader>
<controlfield tag="001">002747039</controlfield>
<controlfield tag="003">NNU</controlfield>
<controlfield tag="005">20150806163933.0</controlfield>
<controlfield tag="008">901030s1968    iq            000 0 arar</controlfield>
<datafield tag="010" ind1=" " ind2=" ">
<subfield code="a">   72960152</subfield>
</datafield>
<datafield tag="035" ind1=" " ind2=" ">
<subfield code="a">(OCoLC)22609169</subfield>
</datafield>
<datafield tag="040" ind1=" " ind2=" ">
<subfield code="a">DLC</subfield>
<subfield code="b">eng</subfield>
<subfield code="c">WAU</subfield>
<subfield code="d">WAU</subfield>
<subfield code="d">CLU</subfield>
<subfield code="d">IUL</subfield>
<subfield code="d">OCLCA</subfield>
<subfield code="d">OCLCF</subfield>
<subfield code="d">OCLCQ</subfield>
<subfield code="d">OCLCO</subfield>
<subfield code="d">NNU</subfield>
</datafield>
<datafield tag="043" ind1=" " ind2=" ">
<subfield code="a">a-iq---</subfield>
</datafield>
<datafield tag="050" ind1=" " ind2="4">
<subfield code="a">DS51.B3</subfield>
<subfield code="b">I17 1968</subfield>
</datafield>
<datafield tag="100" ind1="1" ind2=" ">
<subfield code="6">880-01</subfield>
<subfield code="a">Ibn Abī Ṭāhir Ṭayfūr, Aḥmad,</subfield>
<subfield code="d">819 or 820-893.</subfield>
</datafield>
<datafield tag="245" ind1="1" ind2="0">
<subfield code="6">880-02</subfield>
<subfield code="a">Baghdād fī tārīkh al-khilāfah al-ʻAbbāsīyah :</subfield>
<subfield code="b">aqdam mā kutiba fī tārīkh al-khalīfah al-Maʼmūn wa-ʻaṣrihi al-dhahabī /</subfield>
<subfield code="c">taʼlīf Abī al-Faḍl Aḥmad ibn Ṭāhir al-kātib al-maʻrūf bi-Ibn Ṭayfūr.</subfield>
</datafield>
<datafield tag="246" ind1="1" ind2="5">
<subfield code="6">880-03</subfield>
<subfield code="a">Kitāb baghdād</subfield>
</datafield>
<datafield tag="246" ind1="1" ind2="4">
<subfield code="a">Baghdad fi tarikh él khilefa él-Abbassia</subfield>
</datafield>
<datafield tag="260" ind1=" " ind2=" ">
<subfield code="6">880-04</subfield>
<subfield code="a">Baghdād :</subfield>
<subfield code="b">Maktabat al-Muthanná,</subfield>
<subfield code="c">1968.</subfield>
</datafield>
<datafield tag="300" ind1=" " ind2=" ">
<subfield code="a">7, 232 pages ;</subfield>
<subfield code="c">24 cm</subfield>
</datafield>
<datafield tag="336" ind1=" " ind2=" ">
<subfield code="a">text</subfield>
<subfield code="b">txt</subfield>
<subfield code="2">rdacontent</subfield>
</datafield>
<datafield tag="337" ind1=" " ind2=" ">
<subfield code="a">unmediated</subfield>
<subfield code="b">n</subfield>
<subfield code="2">rdamedia</subfield>
</datafield>
<datafield tag="338" ind1=" " ind2=" ">
<subfield code="a">volume</subfield>
<subfield code="b">nc</subfield>
<subfield code="2">rdacarrier</subfield>
</datafield>
<datafield tag="500" ind1=" " ind2=" ">
<subfield code="6">880-05</subfield>
<subfield code="a">"Hādhā huwa al-juzʼ al-sādis min Kitāb Baghdād, li-Aḥmad ibn Abī Ṭāhir Ṭayfūr."</subfield>
</datafield>
<datafield tag="651" ind1=" " ind2="0">
<subfield code="a">Baghdad (Iraq)</subfield>
<subfield code="x">History.</subfield>
</datafield>
<datafield tag="651" ind1=" " ind2="7">
<subfield code="a">Iraq</subfield>
<subfield code="z">Baghdad.</subfield>
<subfield code="2">fast</subfield>
<subfield code="0">(OCoLC)fst01207444</subfield>
</datafield>
<datafield tag="655" ind1=" " ind2="7">
<subfield code="a">History.</subfield>
<subfield code="2">fast</subfield>
<subfield code="0">(OCoLC)fst01411628</subfield>
</datafield>
<datafield tag="776" ind1="0" ind2="8">
<subfield code="i">Online version:</subfield>
<subfield code="a">Ibn Abī Ṭāhir Ṭayfūr, Aḥmad, 819 or 20-893.</subfield>
<subfield code="t">Baghdād fī tārīkh al-khilāfah al-ʻAbbāsīyah.</subfield>
<subfield code="d">Baghdād : Maktabat al-Muthanná, 1968</subfield>
<subfield code="w">(OCoLC)586075656</subfield>
</datafield>
<datafield tag="880" ind1="1" ind2=" ">
<subfield code="6">100-01/</subfield>
<subfield code="a">ابن ابي طاهر طيفور، احمد،</subfield>
<subfield code="d">819 or 820-893.</subfield>
</datafield>
<datafield tag="880" ind1="1" ind2="0">
<subfield code="6">245-02/</subfield>
<subfield code="a">بغداد في تاريخ الخلافة العباسية :</subfield>
<subfield code="b">اقدم ما كتب في تاريخ الخليفة المأمون وعصره الذهبي /</subfield>
<subfield code="c">تأليف ابي الفضل احمد بن طاهر الكاتب المعروف بابن طيفور.</subfield>
</datafield>
<datafield tag="880" ind1="1" ind2="5">
<subfield code="6">246-03/</subfield>
<subfield code="a">‏كتاب بغداد</subfield>
</datafield>
<datafield tag="880" ind1=" " ind2=" ">
<subfield code="6">260-04/</subfield>
<subfield code="a">بغداد :</subfield>
<subfield code="b">مكتبة المثنى،</subfield>
<subfield code="c">1968.</subfield>
</datafield>
<datafield tag="880" ind1=" " ind2=" ">
<subfield code="6">500-05/</subfield>
<subfield code="a">"هذا هو الجزء السادس من كتاب بغداد، لاحمد بن ابي طاهر طيفور."</subfield>
</datafield>
<datafield tag="OWN" ind1=" " ind2=" ">
<subfield code="a">GENERAL</subfield>
</datafield>
<datafield tag="AVA" ind1=" " ind2=" ">
<subfield code="a">NYU51</subfield>
<subfield code="b">NABUD</subfield>
<subfield code="c">Main Collection</subfield>
<subfield code="d">DS51.B3 I17 1968</subfield>
<subfield code="e">unavailable</subfield>
<subfield code="t">Unavailable</subfield>
<subfield code="f">1</subfield>
<subfield code="g">1</subfield>
<subfield code="h">N</subfield>
<subfield code="i">0</subfield>
<subfield code="j">MAIN</subfield>
<subfield code="k">0</subfield>
</datafield>
<datafield tag="AVA" ind1=" " ind2=" ">
<subfield code="a">NYU50</subfield>
<subfield code="b">BOBST</subfield>
<subfield code="c">Main Collection</subfield>
<subfield code="d">DS79.9.B25 I23 1968</subfield>
<subfield code="e">unavailable</subfield>
<subfield code="t">Unavailable</subfield>
<subfield code="f">1</subfield>
<subfield code="g">1</subfield>
<subfield code="h">N</subfield>
<subfield code="i">2</subfield>
<subfield code="j">MAIN</subfield>
<subfield code="k">0</subfield>
</datafield>
</record>
